<record><leader>00000cas a22000007a 4500</leader><controlfield tag="001">11103237</controlfield><controlfield tag="008">840829d18951919nyudr ne      0    0eng d</controlfield><datafield ind1=" " ind2=" " tag="010"><subfield code="a">sn 84031488 </subfield></datafield><datafield ind1=" " ind2=" " tag="040"><subfield code="a">NYG</subfield><subfield code="b">eng</subfield><subfield code="c">NYG</subfield><subfield code="d">NPX</subfield><subfield code="d">NYS</subfield><subfield code="d">OCLCQ</subfield></datafield><datafield ind1=" " ind2=" " tag="042"><subfield code="a">msc</subfield></datafield><datafield ind1="0" ind2="0" tag="245"><subfield code="a">Ithaca daily news.</subfield></datafield><datafield ind1=" " ind2=" " tag="260"><subfield code="a">Ithaca, N.Y. :</subfield><subfield code="b">Bouton and Dayton</subfield></datafield><datafield ind1=" " ind2=" " tag="300"><subfield code="a">v. :</subfield><subfield code="b">ill.</subfield></datafield><datafield ind1=" " ind2=" " tag="310"><subfield code="a">Daily</subfield></datafield><datafield ind1="0" ind2=" " tag="362"><subfield code="a">Vol. 1, no. 1 (Apr. 6, 1895)-v. 25, no. 277 (Nov. 29, 1919).</subfield></datafield><datafield ind1=" " ind2=" " tag="500"><subfield code="a">Publishers: Bouton and Dayton, Apr. 6, 1895-Jan. 15, 1896; M.M. Dayton, Jan 16, 1896-&lt;1900&gt;; Ithaca Pub. Co., &lt;1901-1908&gt;; Forest City Pub. Co., &lt;1909&gt;-Nov. 17, 1919; Bert R. Mitchell, Nov. 18, 1919-Nov. 29, 1919.</subfield></datafield><datafield ind1=" " ind2=" " tag="530"><subfield code="a">Available on microfilm from New York State Library.</subfield></datafield><datafield ind1=" " ind2="4" tag="651"><subfield code="a">Ithaca (N.Y.)</subfield><subfield code="v">Newspapers.</subfield></datafield><datafield ind1=" " ind2=" " tag="752"><subfield code="a">United States</subfield><subfield code="b">New York</subfield><subfield code="c">Tompkins</subfield><subfield code="d">Ithaca.</subfield></datafield><datafield ind1="0" ind2="7" tag="785"><subfield code="t">Ithaca journal (Ithaca, N.Y. : 1913)</subfield><subfield code="w">(DLC)sn 84031817</subfield></datafield><datafield ind1="0" ind2="7" tag="785"><subfield code="t">Ithaca journal-news</subfield><subfield code="w">(DLC)sn 84031813</subfield></datafield><datafield ind1="1" ind2=" " tag="029"><subfield code="a">AU@</subfield><subfield code="b">000020385388</subfield></datafield></record>